@online{ia,
	author = {{Gobierno de España}},
	title = {Qué es la inteligencia artificial},
	date = {2023},
	url = {https://planderecuperacion.gob.es/noticias/que-es-inteligencia-artificial-ia-prtr}
}

@online{niantic,
	author = {Niantic},
	title = {La historia de Niantic},
	date = {2022},
	url = {https://nianticlabs.com/about?hl=es}
}

@online{lightship,
	author = {Niantic},
	title = {Niantic Lightship},
	date = {2023},
	url = {https://lightship.dev/}
}

@online{wayfarer,
	author = {Niantic},
	title = {Niantic Wayfarer},
	date = {2023},
	url = {https://wayfarer.nianticlabs.com/}
}
